%
% Epipolar Geometry
%

% hartley, zissermann book
@Book{Hartley2000,
    author = "Hartley, R.~I. and Zisserman, A.",
    title = "Multiple View Geometry in Computer Vision",
    year = "2000",
    publisher = "Cambridge University Press, ISBN: 0521623049"
} 
